<record><leader>00000cas a22000007a 4500</leader><controlfield tag="001">18428106</controlfield><controlfield tag="008">880830d19061913nduwr ne      0    0eng d</controlfield><datafield ind1=" " ind2=" " tag="010"><subfield code="a">sn 88076552 </subfield></datafield><datafield ind1=" " ind2=" " tag="040"><subfield code="a">NOP</subfield><subfield code="b">eng</subfield><subfield code="c">NOP</subfield><subfield code="d">OCLCQ</subfield></datafield><datafield ind1=" " ind2=" " tag="042"><subfield code="a">msc</subfield></datafield><datafield ind1="0" ind2="0" tag="245"><subfield code="a">Towner County Democrat and Cando record.</subfield></datafield><datafield ind1=" " ind2=" " tag="260"><subfield code="a">Cando, Towner County, N.D. :</subfield><subfield code="b">Carl Nelson</subfield></datafield><datafield ind1=" " ind2=" " tag="300"><subfield code="a">9 v. :</subfield><subfield code="b">ill. ;</subfield><subfield code="c">54-56 cm.</subfield></datafield><datafield ind1=" " ind2=" " tag="310"><subfield code="a">Weekly</subfield></datafield><datafield ind1="0" ind2=" " tag="362"><subfield code="a">Democrat vol. 4, no. 4 (Jan. 4, 1906)-v. 12, no. 2 (Dec. 25, 1913) = Record vol. 17, no. 18-v. 25, no. 14.</subfield></datafield><datafield ind1=" " ind2=" " tag="500"><subfield code="a">"Official City and County Paper", 1906-1912.</subfield></datafield><datafield ind1=" " ind2=" " tag="530"><subfield code="a">Available on microfilm from the State Historical Society of North Dakota.</subfield></datafield><datafield ind1=" " ind2=" " tag="752"><subfield code="a">United States</subfield><subfield code="b">North Dakota</subfield><subfield code="c">Towner</subfield><subfield code="d">Cando.</subfield></datafield><datafield ind1="0" ind2="4" tag="780"><subfield code="t">Towner County Democrat</subfield><subfield code="w">(DLC)sn 88076550</subfield></datafield><datafield ind1="0" ind2="4" tag="780"><subfield code="t">Cando record (Cando, N.D. : 1889)</subfield><subfield code="w">(DLC)sn 88076551</subfield></datafield><datafield ind1="0" ind2="0" tag="785"><subfield code="t">Cando record (Cando, N.D. : 1914)</subfield><subfield code="w">(DLC)sn 88076553</subfield></datafield></record>